@article{DBLP:journals/corr/abs-2108-11539,
  author    = {Xingkui Zhu and
               Shuchang Lyu and
               Xu Wang and
               Qi Zhao},
  title     = {TPH-YOLOv5: Improved YOLOv5 Based on Transformer Prediction Head for
               Object Detection on Drone-captured Scenarios},
  journal   = {CoRR},
  volume    = {abs/2108.11539},
  year      = {2021},
  url       = {https://arxiv.org/abs/2108.11539},
  eprinttype = {arXiv},
  eprint    = {2108.11539},
  timestamp = {Fri, 27 Aug 2021 15:02:29 +0200},
  biburl    = {https://dblp.org/rec/journals/corr/abs-2108-11539.bib},
  bibsource = {dblp computer science bibliography, https://dblp.org}
}

@article{DBLP:journals/corr/RenHG015,
  author    = {Shaoqing Ren and
               Kaiming He and
               Ross B. Girshick and
               Jian Sun},
  title     = {Faster {R-CNN:} Towards Real-Time Object Detection with Region Proposal
               Networks},
  journal   = {CoRR},
  volume    = {abs/1506.01497},
  year      = {2015},
  url       = {http://arxiv.org/abs/1506.01497},
  eprinttype = {arXiv},
  eprint    = {1506.01497},
  timestamp = {Mon, 13 Aug 2018 16:46:02 +0200},
  biburl    = {https://dblp.org/rec/journals/corr/RenHG015.bib},
  bibsource = {dblp computer science bibliography, https://dblp.org}
}

@article{DBLP:journals/corr/abs-2003-06975,
  author    = {Pedro F. Proen{\c{c}}a and
               Pedro Sim{\~{o}}es},
  title     = {{TACO:} Trash Annotations in Context for Litter Detection},
  journal   = {CoRR},
  volume    = {abs/2003.06975},
  year      = {2020},
  url       = {https://arxiv.org/abs/2003.06975},
  eprinttype = {arXiv},
  eprint    = {2003.06975},
  timestamp = {Tue, 17 Mar 2020 14:18:27 +0100},
  biburl    = {https://dblp.org/rec/journals/corr/abs-2003-06975.bib},
  bibsource = {dblp computer science bibliography, https://dblp.org}
}

@article{POLITIKOS2021111974,
    title = {Automatic detection of seafloor marine litter using towed camera images and deep learning},
    journal = {Marine Pollution Bulletin},
    volume = {164},
    pages = {111974},
    year = {2021},
    issn = {0025-326X},
    doi = {https://doi.org/10.1016/j.marpolbul.2021.111974},
    url = {https://www.sciencedirect.com/science/article/pii/S0025326X21000084},
    author = {Dimitris V. Politikos and Elias Fakiris and Athanasios Davvetas and Iraklis A. Klampanos and George Papatheodorou}
}

@inproceedings{Thung2016ClassificationOT,
  title={Classification of Trash for Recyclability Status},
  author={Gary Thung and Mingxiang Yang},
  year={2016}
}

@article{article,
    author = {Wang, Ying and Zhang, Xu},
    year = {2018},
    month = {01},
    pages = {01056},
    title = {Autonomous garbage detection for intelligent urban management},
    volume = {232},
    journal = {MATEC Web of Conferences},
    doi = {10.1051/matecconf/201823201056}
}

@misc{wu2019detectron2,
  author =       {Yuxin Wu and Alexander Kirillov and Francisco Massa and
                  Wan-Yen Lo and Ross Girshick},
  title =        {Detectron2},
  howpublished = {\url{https://github.com/facebookresearch/detectron2}},
  year =         {2019}
}

@article{article,
    author = {Gardner, William and Mulvey, Edward and Shaw, Esther},
    year = {1995},
    month = {12},
    pages = {392-404},
    title = {Regression Analyses of Counts and Rates: Poisson, Overdispersed Poisson, and Negative Binomial Models},
    volume = {118},
    journal = {Psychological bulletin},
    doi = {10.1037/0033-2909.118.3.392}
}

@misc{simd,
  title = {Scottish Index of Multiple Deprivation 2020},
  author = {Scottish Government},
  year = {2020},
  howpublished = {\url{https://www.gov.scot/publications/scottish-index-multiple-deprivation-2020}}
}

@misc{household-survey-2019,
  title = {Scottish Household Survey 2019: Key Findings},
  author = {Scottish Government},
  year = {2019},
  howpublished = {\url{https://www.gov.scot/publications/scottish-household-survey-2019-key-findings}}
}

@misc{littering-behaviour,
  title = {Rapid Evidence Review of Littering Behaviour and Anti-Litter Policies},
  author = {Zero Waste Scotland},
  year = {2013},
  howpublished = {\url{https://www.zerowastescotland.org.uk/sites/default/files/Rapid\%20Evidence\%20Review\%20of\%20Littering\%20Behaviour\%20and\%20Anti-Litter\%20Policies.pdf}}
}

@misc{impacts-of-15,
  title = {Impacts of 1.5c of Global Warming on Natural and Human Systems},
  author = {Ove Hoegh-Guldberg, Daniela Jaboc, Michael Taylor},
  year = {2019},
  howpublished = {\url{https://www.ipcc.ch/site/assets/uploads/sites/2/2019/06/SR15_Chapter3_Low_Res.pdf}}
}

@misc{tackle-litter,
  title = {Time for a new approach to tackling litter},
  author = {Keep Scotland Beautiful},
  year = {2020},
  howpublished = {\url{https://www.keepscotlandbeautiful.org/media/1566897/leq-2020-report-final-041220.pdf}}
}

@misc{yolov1,
      title={You Only Look Once: Unified, Real-Time Object Detection}, 
      author={Joseph Redmon and Santosh Divvala and Ross Girshick and Ali Farhadi},
      year={2016},
      eprint={1506.02640},
      archivePrefix={arXiv},
      primaryClass={cs.CV}
}

@misc{yolo2,
      title={YOLO9000: Better, Faster, Stronger}, 
      author={Joseph Redmon and Ali Farhadi},
      year={2016},
      eprint={1612.08242},
      archivePrefix={arXiv},
      primaryClass={cs.CV}
}

@misc{yolo3,
      title={YOLOv3: An Incremental Improvement}, 
      author={Joseph Redmon and Ali Farhadi},
      year={2018},
      eprint={1804.02767},
      archivePrefix={arXiv},
      primaryClass={cs.CV}
}

@misc{yolov4,
      title={YOLOv4: Optimal Speed and Accuracy of Object Detection}, 
      author={Alexey Bochkovskiy and Chien-Yao Wang and Hong-Yuan Mark Liao},
      year={2020},
      eprint={2004.10934},
      archivePrefix={arXiv},
      primaryClass={cs.CV}
}

@misc{frcnn,
      title={Fast R-CNN}, 
      author={Ross Girshick},
      year={2015},
      eprint={1504.08083},
      archivePrefix={arXiv},
      primaryClass={cs.CV}
}

@misc{yolov5,
  title = {YOLOv5-P6 1280 models, AWS, Supervise.ly and YouTube integrations},
  author = {Glenn Jocher},
  year = {2020},
  howpublished = {\url{https://github.com/ultralytics/yolov5/releases/tag/v6.0}}
}

@misc{zhu2021tphyolov5,
      title={TPH-YOLOv5: Improved YOLOv5 Based on Transformer Prediction Head for Object Detection on Drone-captured Scenarios}, 
      author={Xingkui Zhu and Shuchang Lyu and Xu Wang and Qi Zhao},
      year={2021},
      eprint={2108.11539},
      archivePrefix={arXiv},
      primaryClass={cs.CV}
}

@misc{lin2015microsoft,
      title={Microsoft COCO: Common Objects in Context}, 
      author={Tsung-Yi Lin and Michael Maire and Serge Belongie and Lubomir Bourdev and Ross Girshick and James Hays and Pietro Perona and Deva Ramanan and C. Lawrence Zitnick and Piotr Dollár},
      year={2015},
      eprint={1405.0312},
      archivePrefix={arXiv},
      primaryClass={cs.CV}
}

@Article{Everingham15,
   author = "Everingham, M. and Eslami, S. M. A. and Van~Gool, L. and Williams, C. K. I. and Winn, J. and Zisserman, A.",
   title = "The Pascal Visual Object Classes Challenge: A Retrospective",
   journal = "International Journal of Computer Vision",
   volume = "111",
   year = "2015",
   number = "1",
   month = jan,
   pages = "98--136",
} 

@Article{Peng2021,
author={Peng, Liang
and Wang, Hong
and Li, Jun},
title={Uncertainty Evaluation of Object Detection Algorithms for Autonomous Vehicles},
journal={Automotive Innovation},
year={2021},
month={Aug},
day={01},
volume={4},
number={3},
pages={241-252},
abstract={},
issn={2522-8765},
doi={10.1007/s42154-021-00154-0},
url={https://doi.org/10.1007/s42154-021-00154-0}
}

@misc{guo2017calibration,
      title={On Calibration of Modern Neural Networks}, 
      author={Chuan Guo and Geoff Pleiss and Yu Sun and Kilian Q. Weinberger},
      year={2017},
      eprint={1706.04599},
      archivePrefix={arXiv},
      primaryClass={cs.LG}
}

@article{cvstreets,
   title={A Computer Vision System to Localize and Classify Wastes on the Streets},
   ISBN={9783319683454},
   ISSN={1611-3349},
   url={http://dx.doi.org/10.1007/978-3-319-68345-4_18},
   DOI={10.1007/978-3-319-68345-4_18},
   journal={Computer Vision Systems},
   publisher={Springer International Publishing},
   author={Rad, Mohammad Saeed and von Kaenel, Andreas and Droux, Andre and Tieche, Francois and Ouerhani, Nabil and Ekenel, Hazım Kemal and Thiran, Jean-Philippe},
   year={2017},
   pages={195–204}
}

@article{Mittal2016SpotGarbageSA,
  title={SpotGarbage: smartphone app to detect garbage using deep learning},
  author={Gaurav Mittal and Kaushal B. Yagnik and Mohit Garg and N. C. Krishnan},
  journal={Proceedings of the 2016 ACM International Joint Conference on Pervasive and Ubiquitous Computing},
  year={2016}
}

@inproceedings{NIPS2012_c399862d,
 author = {Krizhevsky, Alex and Sutskever, Ilya and Hinton, Geoffrey E},
 booktitle = {Advances in Neural Information Processing Systems},
 editor = {F. Pereira and C. J. C. Burges and L. Bottou and K. Q. Weinberger},
 pages = {},
 publisher = {Curran Associates, Inc.},
 title = {ImageNet Classification with Deep Convolutional Neural Networks},
 url = {https://proceedings.neurips.cc/paper/2012/file/c399862d3b9d6b76c8436e924a68c45b-Paper.pdf},
 volume = {25},
 year = {2012}
}

@article{sevilla,
title = {An index to quantify street cleanliness: The case of Granada (Spain)},
journal = {Waste Management},
volume = {33},
number = {5},
pages = {1037-1046},
year = {2013},
issn = {0956-053X},
doi = {https://doi.org/10.1016/j.wasman.2013.01.012},
url = {https://www.sciencedirect.com/science/article/pii/S0956053X13000421},
author = {Aitana Sevilla and Miguel Luis Rodríguez and Angela Garcia-Maraver and Montserrat Zamorano},
keywords = {Cleaning Index, Street cleanliness, Sweeping}
}

@misc{rcnn,
      title={Rich feature hierarchies for accurate object detection and semantic segmentation}, 
      author={Ross Girshick and Jeff Donahue and Trevor Darrell and Jitendra Malik},
      year={2014},
      eprint={1311.2524},
      archivePrefix={arXiv},
      primaryClass={cs.CV}
}

@misc{he2015spatial,
      title={Spatial Pyramid Pooling in Deep Convolutional Networks for Visual Recognition}, 
      author={Kaiming He and Xiangyu Zhang and Shaoqing Ren and Jian Sun},
      year={2015},
      eprint={1406.4729},
      archivePrefix={arXiv},
      primaryClass={cs.CV}
}

@article{fast-rcnn,
  title={Fast R-CNN},
  author={Ross B. Girshick},
  journal={2015 IEEE International Conference on Computer Vision (ICCV)},
  year={2015},
  pages={1440-1448}
}

@misc{smart-street,
author = {Ping, Ping and Kumala, Effendy and Gao, Jerry and Xu, Guoyan},
year = {2020},
month = {02},
title = {Smart street litter detection and classification based on Faster R-CNN and edge computing},
page = 5
}

@article{understanding-poisson,
author = {Hayat, Matthew and Higgins, Melinda},
year = {2014},
month = {03},
pages = {1-9},
title = {Understanding Poisson Regression},
volume = {53},
journal = {The Journal of nursing education},
doi = {10.3928/01484834-20140325-04}
}

@misc{simd-technical-notes,
author = {Scottish Government},
year = {2020},
page = 6,
howpublished = {\url{https://www.gov.scot/binaries/content/documents/govscot/publications/statistics/2020/09/simd-2020-technical-notes/documents/simd-2020-technical-notes/simd-2020-technical-notes/govscot\%3Adocument/SIMD\%2B2020\%2Btechnical\%2Bnotes.pdf}}
}

@book{cameron_trivedi_2013, place={Cambridge}, edition={2}, series={Econometric Society Monographs}, title={Regression Analysis of Count Data}, DOI={10.1017/CBO9781139013567}, publisher={Cambridge University Press}, author={Cameron, A. Colin and Trivedi, Pravin K.}, year={2013}, collection={Econometric Society Monographs}}

@article{defects,
 ISSN = {00401706},
 URL = {http://www.jstor.org/stable/1269547},
 author = {Diane Lambert},
 journal = {Technometrics},
 number = {1},
 pages = {1--14},
 publisher = {[Taylor & Francis, Ltd., American Statistical Association, American Society for Quality]},
 title = {Zero-Inflated Poisson Regression, with an Application to Defects in Manufacturing},
 volume = {34},
 year = {1992}
}

@misc{ncss-neg-bin,
  title = {Negative Binomial Regression},
  author = {NCSS Statistical Software},
  howpublished = {\url{https://ncss-wpengine.netdna-ssl.com/wp-content/themes/ncss/pdf/Procedures/NCSS/Negative_Binomial_Regression.pdf}}
}

@misc{breakdown-yolo4,
  title = {A Thorough Breakdown of Yolo4},
  author = {Jacob Solawetz},
  howpublished = {\url{https://blog.roboflow.com/a-thorough-breakdown-of-yolov4/}}
}

@misc{broken-windows,
  title = {Broken Windows},
  author = {George Kelling and James Wilson},
  publisher = {The Atlantic},
  howpublished = {\url{https://www.theatlantic.com/magazine/archive/1982/03/broken-windows/304465/?single_page=true}},
  year = 1982
}

@article{large-scale-object-detection,
  author    = {Junran Peng and
               Xingyuan Bu and
               Ming Sun and
               Zhaoxiang Zhang and
               Tieniu Tan and
               Junjie Yan},
  title     = {Large-Scale Object Detection in the Wild from Imbalanced Multi-Labels},
  journal   = {CoRR},
  volume    = {abs/2005.08455},
  year      = {2020},
  url       = {https://arxiv.org/abs/2005.08455},
  eprinttype = {arXiv},
  eprint    = {2005.08455},
  timestamp = {Mon, 20 Sep 2021 16:49:58 +0200},
  biburl    = {https://dblp.org/rec/journals/corr/abs-2005-08455.bib},
  bibsource = {dblp computer science bibliography, https://dblp.org}
}

@Article{Baker2016,
author={Baker, Monya},
title={1,500 scientists lift the lid on reproducibility},
journal={Nature},
year={2016},
month={May},
day={01},
volume={533},
number={7604},
pages={452-454},
abstract={Survey sheds light on the `crisis' rocking research.},
issn={1476-4687},
doi={10.1038/533452a},
url={https://doi.org/10.1038/533452a}
}

@article{cutmix,
  author    = {Sangdoo Yun and
               Dongyoon Han and
               Seong Joon Oh and
               Sanghyuk Chun and
               Junsuk Choe and
               Youngjoon Yoo},
  title     = {CutMix: Regularization Strategy to Train Strong Classifiers with Localizable
               Features},
  journal   = {CoRR},
  volume    = {abs/1905.04899},
  year      = {2019},
  url       = {http://arxiv.org/abs/1905.04899},
  eprinttype = {arXiv},
  eprint    = {1905.04899},
  timestamp = {Tue, 28 May 2019 12:48:08 +0200},
  biburl    = {https://dblp.org/rec/journals/corr/abs-1905-04899.bib},
  bibsource = {dblp computer science bibliography, https://dblp.org}
}

@article{spp,
  author    = {Kaiming He and
               Xiangyu Zhang and
               Shaoqing Ren and
               Jian Sun},
  title     = {Spatial Pyramid Pooling in Deep Convolutional Networks for Visual
               Recognition},
  journal   = {CoRR},
  volume    = {abs/1406.4729},
  year      = {2014},
  url       = {http://arxiv.org/abs/1406.4729},
  eprinttype = {arXiv},
  eprint    = {1406.4729},
  timestamp = {Wed, 17 Apr 2019 17:23:45 +0200},
  biburl    = {https://dblp.org/rec/journals/corr/HeZR014.bib},
  bibsource = {dblp computer science bibliography, https://dblp.org}
}

@INPROCEEDINGS{cspnet,

  author={Wang, Chien-Yao and Mark Liao, Hong-Yuan and Wu, Yueh-Hua and Chen, Ping-Yang and Hsieh, Jun-Wei and Yeh, I-Hau},

  booktitle={2020 IEEE/CVF Conference on Computer Vision and Pattern Recognition Workshops (CVPRW)}, 

  title={CSPNet: A New Backbone that can Enhance Learning Capability of CNN}, 

  year={2020},

  volume={},

  number={},

  pages={1571-1580},

  doi={10.1109/CVPRW50498.2020.00203}}

@article{panet,
  author    = {Shu Liu and
               Lu Qi and
               Haifang Qin and
               Jianping Shi and
               Jiaya Jia},
  title     = {Path Aggregation Network for Instance Segmentation},
  journal   = {CoRR},
  volume    = {abs/1803.01534},
  year      = {2018},
  url       = {http://arxiv.org/abs/1803.01534},
  eprinttype = {arXiv},
  eprint    = {1803.01534},
  timestamp = {Wed, 11 Sep 2019 15:40:23 +0200},
  biburl    = {https://dblp.org/rec/journals/corr/abs-1803-01534.bib},
  bibsource = {dblp computer science bibliography, https://dblp.org}
}


@misc{poisson-wikipedia,
   author = "Wikipedia",
   title = "{Poisson distribution} --- {W}ikipedia{,} The Free Encyclopedia",
   year = "2022",
   howpublished = {\url{http://en.wikipedia.org/w/index.php?title=Poisson\%20distribution&oldid=1080133188}},
   note = "[Online; accessed 15-April-2022]"
 }
 
 @misc{yolov5-hyperparam,
   author = "Ultralytics",
   title = "Hyperparameter Evolution",
   year = "2022",
   howpublished = {\url{https://docs.ultralytics.com/tutorials/hyperparameter-evolution}}
 }

 @misc{leams,
   author = "Keep Scotland Beautiful",
   title = "Local Environment Audit and Management System (LEAMS)",
   year = "2022",
   howpublished = {\url{https://www.keepscotlandbeautiful.org/environmental-services/leams}}
 }
