@article{DBLP:journals/corr/abs-2108-11539,
  author    = {Xingkui Zhu and
               Shuchang Lyu and
               Xu Wang and
               Qi Zhao},
  title     = {TPH-YOLOv5: Improved YOLOv5 Based on Transformer Prediction Head for
               Object Detection on Drone-captured Scenarios},
  journal   = {CoRR},
  volume    = {abs/2108.11539},
  year      = {2021},
  url       = {https://arxiv.org/abs/2108.11539},
  eprinttype = {arXiv},
  eprint    = {2108.11539},
  timestamp = {Fri, 27 Aug 2021 15:02:29 +0200},
  biburl    = {https://dblp.org/rec/journals/corr/abs-2108-11539.bib},
  bibsource = {dblp computer science bibliography, https://dblp.org}
}

@article{DBLP:journals/corr/RenHG015,
  author    = {Shaoqing Ren and
               Kaiming He and
               Ross B. Girshick and
               Jian Sun},
  title     = {Faster {R-CNN:} Towards Real-Time Object Detection with Region Proposal
               Networks},
  journal   = {CoRR},
  volume    = {abs/1506.01497},
  year      = {2015},
  url       = {http://arxiv.org/abs/1506.01497},
  eprinttype = {arXiv},
  eprint    = {1506.01497},
  timestamp = {Mon, 13 Aug 2018 16:46:02 +0200},
  biburl    = {https://dblp.org/rec/journals/corr/RenHG015.bib},
  bibsource = {dblp computer science bibliography, https://dblp.org}
}

@article{DBLP:journals/corr/abs-2003-06975,
  author    = {Pedro F. Proen{\c{c}}a and
               Pedro Sim{\~{o}}es},
  title     = {{TACO:} Trash Annotations in Context for Litter Detection},
  journal   = {CoRR},
  volume    = {abs/2003.06975},
  year      = {2020},
  url       = {https://arxiv.org/abs/2003.06975},
  eprinttype = {arXiv},
  eprint    = {2003.06975},
  timestamp = {Tue, 17 Mar 2020 14:18:27 +0100},
  biburl    = {https://dblp.org/rec/journals/corr/abs-2003-06975.bib},
  bibsource = {dblp computer science bibliography, https://dblp.org}
}

@article{POLITIKOS2021111974,
    title = {Automatic detection of seafloor marine litter using towed camera images and deep learning},
    journal = {Marine Pollution Bulletin},
    volume = {164},
    pages = {111974},
    year = {2021},
    issn = {0025-326X},
    doi = {https://doi.org/10.1016/j.marpolbul.2021.111974},
    url = {https://www.sciencedirect.com/science/article/pii/S0025326X21000084},
    author = {Dimitris V. Politikos and Elias Fakiris and Athanasios Davvetas and Iraklis A. Klampanos and George Papatheodorou}
}

@inproceedings{Thung2016ClassificationOT,
  title={Classification of Trash for Recyclability Status},
  author={Gary Thung and Mingxiang Yang},
  year={2016}
}

@article{article,
    author = {Wang, Ying and Zhang, Xu},
    year = {2018},
    month = {01},
    pages = {01056},
    title = {Autonomous garbage detection for intelligent urban management},
    volume = {232},
    journal = {MATEC Web of Conferences},
    doi = {10.1051/matecconf/201823201056}
}

@misc{wu2019detectron2,
  author =       {Yuxin Wu and Alexander Kirillov and Francisco Massa and
                  Wan-Yen Lo and Ross Girshick},
  title =        {Detectron2},
  howpublished = {\url{https://github.com/facebookresearch/detectron2}},
  year =         {2019}
}

@article{article,
    author = {Gardner, William and Mulvey, Edward and Shaw, Esther},
    year = {1995},
    month = {12},
    pages = {392-404},
    title = {Regression Analyses of Counts and Rates: Poisson, Overdispersed Poisson, and Negative Binomial Models},
    volume = {118},
    journal = {Psychological bulletin},
    doi = {10.1037/0033-2909.118.3.392}
}

% http://cs229.stanford.edu/proj2017/final-reports/5226723.pdf

% https://arxiv.org/pdf/1710.11374.pdf

% https://ieeexplore.ieee.org/stamp/stamp.jsp?tp=&arnumber=8793975&tag=1

% https://ncss-wpengine.netdna-ssl.com/wp-content/themes/ncss/pdf/Procedures/NCSS/Negative_Binomial_Regression.pdf

% https://www.cambridge.org/core/books/modeling-count-data/BFEB3985905CA70523D9F98DA8E64D08

% http://cameron.econ.ucdavis.edu/racd/count.html

% https://www.gov.scot/publications/scottish-index-multiple-deprivation-2020/pages/1/

% https://www.keepscotlandbeautiful.org/media/1566897/leq-2020-report-final-041220.pdf